
    
    <marc:record>
        <marc:leader>03407cgm a2200661 i 4500</marc:leader>
        <marc:datafield tag="245" ind1="0" ind2="0">
            <marc:subfield code="h">slide</marc:subfield>
        </marc:datafield>
        <marc:datafield tag="300" ind1=" " ind2=" ">
            <marc:subfield code="a">viewmaster</marc:subfield>
        </marc:datafield>
    </marc:record>
    
    <marc:record>
        <marc:leader>03407cgm a2200661 i 4500</marc:leader>
        <marc:datafield tag="300" ind1=" " ind2=" ">
            <marc:subfield code="a">1 slide</marc:subfield>
            <marc:subfield code="a">stereoscopic</marc:subfield>
        </marc:datafield>
    </marc:record>
    
    <!-\- 008 VM 33=q or 006 16=q or 245h or 300a model NOT 007 aq  -\->
    <marc:record>
        <marc:leader>04977cgm a2200937 i 4500</marc:leader>
        <marc:controlfield tag="008">70327t20152014   083            qleng d</marc:controlfield>
    </marc:record>
    
    <marc:record>
        <marc:leader>04977cgm a2200937 i 4500</marc:leader>
        <marc:controlfield tag="007">aq</marc:controlfield>
        <marc:controlfield tag="008">170327t20152014   083            qleng d</marc:controlfield>
    </marc:record>
    
    <marc:record>
        <marc:leader>04977cgm a2200937 i 4500</marc:leader>
        <marc:controlfield tag="006">m               q </marc:controlfield>
    </marc:record>
    
    <marc:record>
        <marc:leader>04977cgm a2200937 i 4500</marc:leader>
        <marc:controlfield tag="006">m               q </marc:controlfield>
        <marc:controlfield tag="007">aq</marc:controlfield>
    </marc:record>