
    
    <marc:record>
        <marc:leader>04977cgm a2200937 i 4500</marc:leader>
        <marc:controlfield tag="007">aq</marc:controlfield>
        <marc:datafield tag="245" ind1=" " ind2=" ">
            <marc:subfield code="h">[model]</marc:subfield>
        </marc:datafield>
    </marc:record>
    
    <marc:record>
        <marc:leader>04977cgm a2200937 i 4500</marc:leader>
        <marc:datafield tag="300" ind1=" " ind2=" ">
            <marc:subfield code="a">1 model</marc:subfield>
        </marc:datafield>
    </marc:record>
    
    <marc:record>
        <marc:leader>04977cgm a2200937 i 4500</marc:leader>
        <marc:controlfield tag="007">aq</marc:controlfield>
        <marc:datafield tag="300" ind1=" " ind2=" ">
            <marc:subfield code="a">1 model</marc:subfield>
        </marc:datafield>
    </marc:record>