
    
    
    
    <!-\- audio disc etc. not 007 g 5/6 bd  -\->
    <marc:record>
        <marc:leader>03407cim a2200661 i 4500</marc:leader>
        <marc:controlfield tag="007">g                </marc:controlfield>
        <marc:datafield tag="245" ind1=" " ind2=" ">
            <marc:subfield code="h">audio disc</marc:subfield>
        </marc:datafield>
    </marc:record>
    <marc:record>
        <marc:leader>03407cim a2200661 i 4500</marc:leader>
        <marc:controlfield tag="007">                </marc:controlfield>
        <marc:datafield tag="300" ind1=" " ind2=" ">
            <marc:subfield code="a">phonodisc</marc:subfield>
        </marc:datafield>
    </marc:record>